
% Example of paper cite
@article{dorgan1999model,
  title={A model for human skin impedance during surface functional neuromuscular stimulation},
  author={Stephen J Dorgan und Richard B Reilly},
  journal={IEEE transactions on rehabilitation engineering},
  volume={7},
  number={3},
  pages={341--348},
  year={1999},
  publisher={IEEE}
}
% Example of book cite
@Book{Ivorra2010,
  author    = {Ivorra A},
  editor    = {Rubinsky B, Irreversible Electroporation.},
  publisher = {Springer Berlin Heidelberg},
  title     = {Tissue electroporation as a bioelectric phenomenon: Basic concepts.},
  year      = {2010},
}

%example of manual/datasheet cite
@manual{TI,
  title        = {Stability Analysis of Voltage-Feedback Op Amps Including Compensation Techniques},
  author       = {Ron Mancini}, 
  organization = {Texas Instruments},
  address      = {12500 TI Blvd. M/S 8656 Dallas, Texas 75243, USA},
  edition      = SLOA020A,
  month        = 3,
  year         = 2001,
  note         = {}
}

@manual{MPU6050,
  title        = {MPU-6000 and MPU-6050
Product Specification},
  author       = {}, 
  organization = {InvenSense Inc.},
  address      = {},
  edition      = {Rev. 3.4},
  month        = 08,
  year         = 2013,
  url         = {https://invensense.tdk.com/wp-content/uploads/2015/02/MPU-6000-Datasheet1.pdf}
}


@manual{MPU6050_registermap,
  title        = {MPU-6000 and MPU-6050
Register Map and Descriptions},
  author       = {}, 
  organization = {InvenSense Inc.},
  address      = {},
  edition      = {Rev. 4.2},
  month        = 08,
  year         = 2013,
  url         = {https://invensense.tdk.com/wp-content/uploads/2015/02/MPU-6000-Register-Map1.pdf}
}

@manual{angle_through_acc,
  title        = {AN-1057: Using an Accelerometer for Inclination Sensing},
  author       = {Christopher J. Fisher}, 
  organization = {Analog Devices},
  address      = {},
  edition      = {Rev. 4.2},
  month        = 08,
  year         = 2013,
  url         = {https://www.analog.com/en/resources/app-notes/an-1057.html}
}

@manual{wifi_at_commands,
  title        = {WizFi360-AT Instruction Set},
  author       = {}, 
  organization = {WIZnet},
  address      = {},
  edition      = {Version 1.1.1.8},
  month        = {}},
  year         = {}},
  url         = {https://docs.wiznet.io/img/products/wizfi360/wizfi360ds/wizfi360_atset_v1118_e.pdf}
}

@manual{wifi_evb_shield,
  title        = {WizFi360-EVB-Shield Datasheet},
  author       = {}, 
  organization = {WIZnet},
  address      = {},
  edition      = {},
  month        = {}},
  year         = {}},
  url         = {https://docs.wiznet.io/img/products/wizfi360/wizfi360ds/wizfi360-evb-shield_ds_112_en.pdf}
}

@manual{wifi_evb_mini,
  title        = {WizFi360-EVB-Mini Datasheet},
  author       = {}, 
  organization = {WIZnet},
  address      = {},
  edition      = {},
  month        = {}},
  year         = {}},
  url         = {https://docs.wiznet.io/img/products/wizfi360/wizfi360ds/wizfi360-evb-mini_ds_100_en.pdf}
}

@manual{duracell9vbatterie,
  title        = {duracell.com},
  author       = {}, 
  organization = {Duracell},
  address      = {},
  edition      = {},
  month        = {}},
  year         = {}},
  url         = {https://www.duracell.com/en-us/products/9v/}
}


@manual{STM32Nucleo64UserManual,
  title        = {STM32 Nucleo-64 board UM1724 User manual},
  author       = {}, 
  organization = {STMicroelectronics},
  address      = {},
  edition      = {},
  month        = {}},
  year         = {}},
  url         = {}
}

@manual{HC_SRO4,
  title        = {Ultraschall Messmodul HC-SR04},
  author       = {}, 
  organization = {KT-Elektronik Klaucke und Partner GmbH},
  address      = {},
  edition      = {},
  month        = 01,
  year         = 2012,
  url         = {https://www.kt-micro.de/wawi11/artikeldaten/sztzkbkgqgmufotyxz24fne8/ultraschallmodul_beschreibung_3.pdf}
}

@manual{HC_SRO4_DS,
  title        = {Ultraschall Messmodul HC-SR04},
  author       = {}, 
  organization = {KT-Elektronik Klaucke und Partner GmbH},
  address      = {},
  edition      = {},
  month        = 01,
  year         = 2012,
  url         = https://cdn.sparkfun.com/datasheets/Sensors/Proximity/HCSR04.pdf
}

@manual{BTS_7960,
  title        = {BTS 7960, High Current PN Half Bridge
NovalithIC},
  author       = {}, 
  organization = {Infineon Technologies AG},
  address      = {},
  edition      = {Rev. 1.1},
  month        = 07,
  year         = 2004,
  url         = {https://image.dfrobot.com/image/data/DRI0018/BTS7960.pdf}
}

@misc{WizNet_2022, url={https://docs.wiznet.io/img/products/wizfi360/wizfi360ds/wizfi360atcomex_v103e.pdf}, journal={Wizfi360 - at command examples}, author={WizNet, WizNet}, year={2022}} 

@misc{GeeksforGeeks_2024, title={Differences between TCP and UDP}, url={https://www.geeksforgeeks.org/differences-between-tcp-and-udp/}, journal={GeeksforGeeks}, publisher={GeeksforGeeks}, author={GeeksforGeeks, GeeksforGeeks}, year={2024}, month={Jun}} 

@misc{Tech_2020, title={ESP8266 WEBSERVER Send and Receive DATA using STM32 || Ring Buffer || CubeIDE}, url={https://www.youtube.com/watch?v=MG-5Ct_rCZQ&t=456s}, journal={YouTube}, publisher={YouTube}, author={Tech, Controllers}, year={2020}} 

%Wenn Ihr eine andere Textart habt, die weder Manual/Datasheet, noch article ist, dann k√∂nnt Ihr euch daran orientieren: %https://verbosus.com/bibtex-style-examples.html?lang=de